% Encoding: UTF-8

@Article{script_nmr,
  author   = {R. Schicker},
  title    = {Nuclear Magnetic Resonance F61/F62},
  year     = {2010},
  date     = {2010-04-14},
  subtitle = {Manual 2.0},
  language = {en},
  url      = {https://www.physi.uni-heidelberg.de/Einrichtungen/FP/anleitungen/F61.pdf},
  address  = {Phys. Inst., Philosophenweg 12, 69120 Heidelberg},
}

@Comment{jabref-meta: databaseType:biblatex;}
