% Encoding: UTF-8

@Book{Demtr√∂der_3,
  author    = {Demtr{\"o}der, Wolfgang},
  title     = {Experimentalphysik 3},
  year      = {2016},
  subtitle  = {Atome, Molek{\"u}le und Festk{\"o}rper},
  language  = {ger},
  edition   = {5. Aufl. 2016},
  series    = {Springer-Lehrbuch},
  publisher = {Springer Spektrum},
  isbn      = {978-3-662-49094-5},
  pages     = {Online-Ressource (XXI, 588 S. 740 Abb. in Farbe, online resource)},
  doi       = {10.1007/978-3-662-49094-5},
  url       = {http://dx.doi.org/10.1007/978-3-662-49094-5},
  address   = {Berlin, Heidelberg},
  keywords  = {Experimentalphysik},
  library   = {UB ; UW},
}

@Comment{jabref-meta: databaseType:biblatex;}
